
@Article{Kellner2020,
  author    = {Max J. Kellner and James J. Ross and Jakob Schnabl and Marcus P.S. Dekens and Robert Heinen and Irina Grishkovskaya and Benedikt Bauer and Johannes Stadlmann and Luis Men{\'{e}}ndez-Arias and Robert Fritsche-Polanz and Marianna Traugott and Tamara Seitz and Alexander Zoufaly and Manuela Födinger and Christoph Wenisch and Johannes Zuber and Andrea Pauli and Julius Brennecke and},
  journal   = {bioRχiv},
  title     = {A rapid, highly sensitive and open-access {SARS}-{CoV}-2 detection assay for laboratory and home testing},
  year      = {2020},
  month     = {jun},
  doi       = {10.1101/2020.06.23.166397},
  groups    = {04-sample-collection, 05-target-amplification, 06-amplicon-detection, 10.04-exemplar-protocols},
  publisher = {Cold Spring Harbor Laboratory},
  timestamp = {2020-12-14},
}

@Article{Kellner2021,
  author    = {Max J. Kellner and Martin Matl and James J. Ross and Jakob Schnabl and Dominik Handler and Robert Heinen and Justine Schaeffer and Peter Hufnagl and Alexander Indra and Marcus P.S. Dekens and Robert Fritsche-Polanz and Manuela Födinger and Johannes Zuber and Franz Allerberger and Andrea Pauli and Julius Brennecke and},
  journal   = {MedRχiv},
  title     = {Head-to-head comparison of direct-input {RT}-{PCR} and {RT}-{LAMP} against {RT}-{qPCR} on extracted {RNA} for rapid {SARS}-{CoV}-2 diagnostics},
  year      = {2021},
  month     = {jan},
  doi       = {10.1101/2021.01.19.21250079},
  groups    = {04-sample-collection, 09-recommendations-conclusions},
  publisher = {Cold Spring Harbor Laboratory},
  timestamp = {2021-04-26},
}

@Article{Kim2020,
  author    = {Jeong-Min Kim and Heui Man Kim and Eun Jung Lee and Hye Jun Jo and Youngsil Yoon and Nam-Joo Lee and Junseock Son and Ye-Ji Lee and Mi Seon Kim and Yong-Pyo Lee and Su-Jin Chae and Kye Ryeong Park and Seung-Rye Cho and Sehee Park and Su Jin Kim and Eunbyeol Wang and SangHee Woo and Aram Lim and Su-Jin Park and JunHyeong Jang and Yoon-Seok Chung and Bum Sik Chin and Jin-Soo Lee and Duko Lim and Myung-Guk Han and Cheon Kwon Yoo},
  journal   = {Osong Public Health and Research Perspectives},
  title     = {Detection and Isolation of {SARS}-{CoV}-2 in Serum, Urine, and Stool Specimens of {COVID}-19 Patients from the Republic of Korea},
  year      = {2020},
  month     = {jun},
  number    = {3},
  pages     = {112--117},
  volume    = {11},
  doi       = {10.24171/j.phrp.2020.11.3.02},
  groups    = {04-sample-collection},
  publisher = {E-Tree Publishing},
  timestamp = {2021-07-01},
}

@Article{Lin2020,
  author    = {Weiyin Lin and Zhiwei Xie and Yueping Li and Liya Li and Chunyan Wen and Yi Cao and Xiaoting Chen and Xu Ou and Fengyu Hu and Feng Li and Xiaoping Tang and Weiping Cai and Linghua Li},
  journal   = {Journal of Medical Virology},
  title     = {Association between detectable {SARS}-{COV}-2 {RNA} in anal swabs and disease severity in patients with coronavirus disease 2019},
  year      = {2020},
  month     = {jul},
  number    = {2},
  pages     = {794--802},
  volume    = {93},
  doi       = {10.1002/jmv.26307},
  groups    = {04-sample-collection},
  publisher = {Wiley},
  timestamp = {2021-07-01},
}

@Article{Peng2020,
  author    = {Liang Peng and Jing Liu and Wenxiong Xu and Qiumin Luo and Dabiao Chen and Ziying Lei and Zhanlian Huang and Xuejun Li and Keji Deng and Bingliang Lin and Zhiliang Gao},
  journal   = {Journal of Medical Virology},
  title     = {{SARS}-{CoV}-2 can be detected in urine, blood, anal swabs, and oropharyngeal swabs specimens},
  year      = {2020},
  month     = {apr},
  number    = {9},
  pages     = {1676--1680},
  volume    = {92},
  doi       = {10.1002/jmv.25936},
  groups    = {04-sample-collection},
  publisher = {Wiley},
  timestamp = {2021-07-01},
}

@Article{Tong2020,
  author    = {Yongqing Tong and Anyu Bao and Hongbing Chen and Jingtao Huang and Zhihua Lv and Lina Feng and Yun Cheng and Youna Wang and Li Bai and Wenlong Rao and Hongyun Zheng and Zegang Wu and Bin Qiao and Zhijun Zhao and Huiming Wang and Yan Li},
  journal   = {Journal of Translational Medicine},
  title     = {Necessity for detection of {SARS}-{CoV}-2 {RNA} in multiple types of specimens for the discharge of the patients with {COVID}-19},
  year      = {2020},
  month     = {nov},
  number    = {1},
  volume    = {18},
  doi       = {10.1186/s12967-020-02580-w},
  groups    = {04-sample-collection},
  publisher = {Springer Science and Business Media {LLC}},
  timestamp = {2021-07-01},
}

@Article{Tan2021,
  author    = {Steph H Tan and Orchid Allicock and Mari Armstrong-Hough and Anne L Wyllie},
  journal   = {The Lancet Respiratory Medicine},
  title     = {Saliva as a gold-standard sample for {SARS}-{CoV}-2 detection},
  year      = {2021},
  month     = {jun},
  number    = {6},
  pages     = {562--564},
  volume    = {9},
  doi       = {10.1016/s2213-2600(21)00178-8},
  groups    = {04-sample-collection},
  publisher = {Elsevier {BV}},
}

@Article{Vogels2020,
  author    = {Chantal B.F. Vogels and Anne E. Watkins and Christina A. Harden and Doug E. Brackney and Jared Shafer and Jianhui Wang and C{\'{e}}sar Caraballo and Chaney C. Kalinich and Isabel M. Ott and Joseph R. Fauver and Eriko Kudo and Peiwen Lu and Arvind Venkataraman and Maria Tokuyama and Adam J. Moore and M. Catherine Muenker and Arnau Casanovas-Massana and John Fournier and Santos Bermejo and Melissa Campbell and Rupak Datta and Allison Nelson and Charles S. Dela Cruz and Albert I. Ko and Akiko Iwasaki and Harlan M. Krumholz and JD Matheus and Pei Hui and Chen Liu and Shelli F. Farhadian and Robby Sikka and Anne L. Wyllie and Nathan D. Grubaugh},
  journal   = {MedRχiv},
  title     = {{SalivaDirect}: A simplified and flexible platform to enhance {SARS}-{CoV}-2 testing capacity},
  year      = {2020},
  month     = {aug},
  doi       = {10.1101/2020.08.03.20167791},
  groups    = {04-sample-collection},
  publisher = {Cold Spring Harbor Laboratory},
}

@Article{Vogels2021,
  author    = {Chantal B.F. Vogels and Anne E. Watkins and Christina A. Harden and Doug E. Brackney and Jared Shafer and Jianhui Wang and C{\'{e}}sar Caraballo and Chaney C. Kalinich and Isabel M. Ott and Joseph R. Fauver and Eriko Kudo and Peiwen Lu and Arvind Venkataraman and Maria Tokuyama and Adam J. Moore and M. Catherine Muenker and Arnau Casanovas-Massana and John Fournier and Santos Bermejo and Melissa Campbell and Rupak Datta and Allison Nelson and Charles S. Dela Cruz and Albert I. Ko and Akiko Iwasaki and Harlan M. Krumholz and J.D. Matheus and Pei Hui and Chen Liu and Shelli F. Farhadian and Robby Sikka and Anne L. Wyllie and Nathan D. Grubaugh and Kelly Anastasio and Michael H. Askenase and Maria Batsu and Sean Bickerton and Kristina Brower and Molly L. Bucklin and Staci Cahill and Yiyun Cao and Edward Courchaine and Giuseppe DeIuliis and Rebecca Earnest and Bertie Geng and Benjamin Goldman-Israelow and Ryan Handoko and William Khoury-Hanold and Daniel Kim and Lynda Knaggs and Maxine Kuang and Sarah Lapidus and Joseph Lim and Melissa Linehan and Alice Lu-Culligan and Anjelica Martin and Irene Matos and David McDonald and Maksym Minasyan and Maura Nakahata and Nida Naushad and Jessica Nouws and Abeer Obaid and Camila Odio and Ji Eun Oh and Saad Omer and Annsea Park and Hong-Jai Park and Xiaohua Peng and Mary Petrone and Sarah Prophet and Tyler Rice and Kadi-Ann Rose and Lorenzo Sewanan and Lokesh Sharma and Albert C. Shaw and Denise Shepard and Mikhail Smolgovsky and Nicole Sonnert and Yvette Strong and Codruta Todeasa and Jordan Valdez and Sofia Velazquez and Pavithra Vijayakumar and Elizabeth B. White and Yexin Yang},
  journal   = {Med},
  title     = {{SalivaDirect}: A simplified and flexible platform to enhance {SARS}-{CoV}-2 testing capacity},
  year      = {2021},
  month     = {mar},
  number    = {3},
  pages     = {263--280.e6},
  volume    = {2},
  doi       = {10.1016/j.medj.2020.12.010},
  groups    = {04-sample-collection},
  publisher = {Elsevier {BV}},
}

@Article{NaguraIkeda2020,
  author    = {Mayu Nagura-Ikeda and Kazuo Imai and Sakiko Tabata and Kazuyasu Miyoshi and Nami Murahara and Tsukasa Mizuno and Midori Horiuchi and Kento Kato and Yoshitaka Imoto and Maki Iwata and Satoshi Mimura and Toshimitsu Ito and Kaku Tamura and Yasuyuki Kato},
  journal   = {Journal of Clinical Microbiology},
  title     = {Clinical Evaluation of Self-Collected Saliva by Quantitative Reverse Transcription-{PCR} ({RT}-{qPCR}), Direct {RT}-{qPCR}, Reverse Transcription{\textendash}Loop-Mediated Isothermal Amplification, and a Rapid Antigen Test To Diagnose {COVID}-19},
  year      = {2020},
  month     = {aug},
  number    = {9},
  volume    = {58},
  doi       = {10.1128/jcm.01438-20},
  editor    = {Melissa B. Miller},
  groups    = {04-sample-collection},
  publisher = {American Society for Microbiology},
}

@Article{To2020,
  author    = {Kelvin Kai-Wang To and Owen Tak-Yin Tsang and Wai-Shing Leung and Anthony Raymond Tam and Tak-Chiu Wu and David Christopher Lung and Cyril Chik-Yan Yip and Jian-Piao Cai and Jacky Man-Chun Chan and Thomas Shiu-Hong Chik and Daphne Pui-Ling Lau and Chris Yau-Chung Choi and Lin-Lei Chen and Wan-Mui Chan and Kwok-Hung Chan and Jonathan Daniel Ip and Anthony Chin-Ki Ng and Rosana Wing-Shan Poon and Cui-Ting Luo and Vincent Chi-Chung Cheng and Jasper Fuk-Woo Chan and Ivan Fan-Ngai Hung and Zhiwei Chen and Honglin Chen and Kwok-Yung Yuen},
  journal   = {The Lancet Infectious Diseases},
  title     = {Temporal profiles of viral load in posterior oropharyngeal saliva samples and serum antibody responses during infection by {SARS}-{CoV}-2: an observational cohort study},
  year      = {2020},
  month     = {may},
  number    = {5},
  pages     = {565--574},
  volume    = {20},
  doi       = {10.1016/s1473-3099(20)30196-1},
  groups    = {04-sample-collection},
  publisher = {Elsevier {BV}},
}

@Article{Tsang2021,
  author    = {Nicole Ngai Yung Tsang and Hau Chi So and Ka Yan Ng and Benjamin J Cowling and Gabriel M Leung and Dennis Kai Ming Ip},
  journal   = {The Lancet Infectious Diseases},
  title     = {Diagnostic performance of different sampling approaches for {SARS}-{CoV}-2 {RT}-{PCR} testing: a systematic review and meta-analysis},
  year      = {2021},
  month     = {apr},
  doi       = {10.1016/s1473-3099(21)00146-8},
  groups    = {04-sample-collection},
  publisher = {Elsevier {BV}},
}

@Article{Sungnak2020b,
  author    = {Waradon Sungnak and and Ni Huang and Christophe B{\'{e}}cavin and Marijn Berg and Rachel Queen and Monika Litvinukova and Carlos Talavera-L{\'{o}}pez and Henrike Maatz and Daniel Reichart and Fotios Sampaziotis and Kaylee B. Worlock and Masahiro Yoshida and Josephine L. Barnes},
  journal   = {Nature Medicine},
  title     = {{SARS}-{CoV}-2 entry factors are highly expressed in nasal epithelial cells together with innate immune genes},
  year      = {2020},
  month     = {apr},
  number    = {5},
  pages     = {681--687},
  volume    = {26},
  doi       = {10.1038/s41591-020-0868-6},
  groups    = {04-sample-collection},
  publisher = {Springer Science and Business Media {LLC}},
}

@Article{Waltz2021,
  author   = {Emily Waltz},
  journal  = {IEEE Spectrum: Technology, Engineering, and Science News},
  title    = {Swabbing the {World}'s {Cities} for {Coronavirus}},
  year     = {2021},
  month    = mar,
  groups   = {04-sample-collection},
  language = {en},
  url      = {https://spectrum.ieee.org/the-human-os/biomedical/devices/swabbing-the-worlds-cities-for-coronavirus},
  urldate  = {2021-03-30},
}

@Article{Welch2020,
  author    = {Stephen R. Welch and Katherine A. Davies and Hubert Buczkowski and Nipunadi Hettiarachchi and Nicole Green and Ulrike Arnold and Matthew Jones and Matthew J. Hannah and Reah Evans and Christopher Burton and Jane E. Burton and Malcolm Guiver and Patricia A. Cane and Neil Woodford and Christine B. Bruce and Allen D. G. Roberts and Marian J. Killip},
  journal   = {Journal of Clinical Microbiology},
  title     = {Analysis of Inactivation of {SARS}-{CoV}-2 by Specimen Transport Media, Nucleic Acid Extraction Reagents, Detergents, and Fixatives},
  year      = {2020},
  month     = {oct},
  number    = {11},
  volume    = {58},
  doi       = {10.1128/jcm.01713-20},
  editor    = {Michael J. Loeffelholz},
  groups    = {04-sample-collection},
  publisher = {American Society for Microbiology},
}

@Article{PHE2020,
  author     = {{Public Health England}},
  journal    = {PHE Publications},
  title      = {{COVID}-19: {PHE} laboratory assessments of inactivation methods},
  year       = {2020},
  month      = jul,
  abstract   = {PHE has undertaken assessments of inactivation methods against SARS-CoV-2 with further evaluations ongoing.},
  groups     = {04-sample-collection},
  language   = {en},
  shorttitle = {{COVID}-19},
  url        = {https://www.gov.uk/government/publications/covid-19-phe-laboratory-assessments-of-inactivation-methods},
  urldate    = {2021-05-04},
}

@Article{Marti2020,
  author    = {Didac Mart{\'{\i}} and Juan Torras and Oscar Betran and Pau Turon and Carlos Alem{\'{a}}n},
  journal   = {bioRχiv},
  title     = {Molecular mechanism of {SARS}-{CoV}-2 inactivation by temperature},
  year      = {2020},
  month     = {oct},
  doi       = {10.1101/2020.10.16.343459},
  groups    = {04-sample-collection},
  publisher = {Cold Spring Harbor Laboratory},
}

@Article{Abraham2020,
  author    = {John P. Abraham and Brian D. Plourde and Lijing Cheng},
  journal   = {Reviews in Medical Virology},
  title     = {Using heat to kill {SARS}-{CoV} -2},
  year      = {2020},
  month     = {jul},
  number    = {5},
  volume    = {30},
  doi       = {10.1002/rmv.2115},
  groups    = {04-sample-collection},
  publisher = {Wiley},
}

@Article{Cimolai2020,
  author    = {Nevio Cimolai},
  journal   = {Journal of Medical Virology},
  title     = {Features of enteric disease from human coronaviruses: Implications for {COVID}-19},
  year      = {2020},
  month     = {jun},
  number    = {10},
  pages     = {1834--1844},
  volume    = {92},
  doi       = {10.1002/jmv.26066},
  groups    = {04-sample-collection},
  publisher = {Wiley},
}

@Article{Hu2020,
  author    = {Xiumei Hu and Taixue An and Bo Situ and Yuhai Hu and Zihao Ou and Qiang Li and Xiaojing He and Ye Zhang and Peifu Tian and Dehua Sun and Yongyu Rui and Qian Wang and Dan Ding and Lei Zheng},
  journal   = {Journal of Clinical Laboratory Analysis},
  title     = {Heat inactivation of serum interferes with the immunoanalysis of antibodies to {SARS}-{CoV}-2},
  year      = {2020},
  month     = {jun},
  number    = {9},
  volume    = {34},
  doi       = {10.1002/jcla.23411},
  groups    = {04-sample-collection, step-0-staging, 1-in-authors},
  publisher = {Wiley},
}

@Article{Jureka2020,
  author    = {Alexander Jureka and Jesus Silvas and Christopher Basler},
  journal   = {Viruses},
  title     = {Propagation, Inactivation, and Safety Testing of {SARS}-{CoV}-2},
  year      = {2020},
  month     = {jun},
  number    = {6},
  pages     = {622},
  volume    = {12},
  doi       = {10.3390/v12060622},
  groups    = {04-sample-collection},
  publisher = {{MDPI} {AG}},
}

@Article{Kampf2020,
  author    = {G. Kampf and A. Voss and S. Scheithauer},
  journal   = {Journal of Hospital Infection},
  title     = {Inactivation of coronaviruses by heat},
  year      = {2020},
  month     = {jun},
  number    = {2},
  pages     = {348--349},
  volume    = {105},
  doi       = {10.1016/j.jhin.2020.03.025},
  groups    = {04-sample-collection},
  publisher = {Elsevier {BV}},
}

@Article{Pastorino2020,
  author    = {Boris Pastorino and Franck Touret and Magali Gilles and Xavier de Lamballerie and Remi N. Charrel},
  journal   = {Viruses},
  title     = {Heat Inactivation of Different Types of {SARS}-{CoV}-2 Samples: What Protocols for Biosafety, Molecular Detection and Serological Diagnostics?},
  year      = {2020},
  month     = {jul},
  number    = {7},
  pages     = {735},
  volume    = {12},
  doi       = {10.3390/v12070735},
  groups    = {04-sample-collection},
  publisher = {{MDPI} {AG}},
}

@Article{Yap2020,
  author    = {Te Faye Yap and Zhen Liu and Rachel A. Shveda and Daniel J. Preston},
  journal   = {Applied Physics Letters},
  title     = {A predictive model of the temperature-dependent inactivation of coronaviruses},
  year      = {2020},
  month     = {aug},
  number    = {6},
  pages     = {060601},
  volume    = {117},
  doi       = {10.1063/5.0020782},
  groups    = {04-sample-collection},
  publisher = {{AIP} Publishing},
}

@Article{Filipic2020,
  author    = {Arijana Filipi{\'{c}} and Ion Gutierrez-Aguirre and Gregor Primc and Miran Mozeti{\v{c}} and David Dobnik},
  journal   = {Trends in Biotechnology},
  title     = {Cold Plasma, a New Hope in the Field of Virus Inactivation},
  year      = {2020},
  month     = {nov},
  number    = {11},
  pages     = {1278--1291},
  volume    = {38},
  doi       = {10.1016/j.tibtech.2020.04.003},
  groups    = {04-sample-collection},
  publisher = {Elsevier {BV}},
}

@Article{Buonanno2020,
  author    = {Manuela Buonanno and David Welch and Igor Shuryak and David J. Brenner},
  journal   = {Scientific Reports},
  title     = {Far-{UVC} light (222{\hspace{0.167em}}nm) efficiently and safely inactivates airborne human coronaviruses},
  year      = {2020},
  month     = {jun},
  number    = {1},
  volume    = {10},
  doi       = {10.1038/s41598-020-67211-2},
  groups    = {04-sample-collection},
  publisher = {Springer Science and Business Media {LLC}},
}

@Article{Loveday2020,
  author    = {Emma K. Loveday and Kyle S. Hain and Irina Kochetkova and Jodi F. Hedges and Amanda Robison and Deann T. Snyder and Susan K. Brumfield and Mark J. Young and Mark A. Jutila and Connie B. Chang and Matthew P. Taylor},
  journal   = {bioRχiv},
  title     = {Effects of inactivation method on {SARS}-{CoV}-2 virion protein and structure},
  year      = {2020},
  month     = {nov},
  doi       = {10.1101/2020.11.14.383026},
  groups    = {04-sample-collection},
  publisher = {Cold Spring Harbor Laboratory},
}

@Article{Loveday2021,
  author    = {Emma K. Loveday and Kyle S. Hain and Irina Kochetkova and Jodi F. Hedges and Amanda Robison and Deann T. Snyder and Susan K. Brumfield and Mark J. Young and Mark A. Jutila and Connie B. Chang and Matthew P. Taylor},
  journal   = {Viruses},
  title     = {Effect of Inactivation Methods on {SARS}-{CoV}-2 Virion Protein and Structure},
  year      = {2021},
  month     = {mar},
  number    = {4},
  pages     = {562},
  volume    = {13},
  doi       = {10.3390/v13040562},
  groups    = {04-sample-collection},
  publisher = {{MDPI} {AG}},
}

@Article{Westhaus2021,
  author    = {Marek Widera and Sandra Westhaus and Holger F. Rabenau and Sebastian Hoehl and Denisa Bojkova and Jindrich Cinatl and Sandra Ciesek},
  journal   = {Medical Microbiology and Immunology},
  title     = {Evaluation of stability and inactivation methods of {SARS}-{CoV}-2 in context of laboratory settings},
  year      = {2021},
  month     = {jul},
  doi       = {10.1007/s00430-021-00716-3},
  groups    = {04-sample-collection},
  publisher = {Springer Science and Business Media {LLC}},
}

@Article{Westhaus2020,
  author    = {Sandra Westhaus and Marek Widera and Holger F. Rabenau and Sebastian Hoehl and Denisa Bojkova and Jindrich Cinatl and Sandra Ciesek},
  journal   = {bioRχiv},
  title     = {Evaluation of stability and inactivation methods of {SARS}-{CoV}-2 in context of laboratory settings},
  year      = {2020},
  month     = {sep},
  doi       = {10.1101/2020.09.11.292581},
  groups    = {04-sample-collection},
  publisher = {Cold Spring Harbor Laboratory},
}

@Article{Batejat2020,
  author    = {Christophe Bat{\'{e}}jat and Quentin Grassin and Jean-Claude Manuguerra and India Leclercq},
  journal   = {MedRχiv},
  title     = {Heat inactivation of the Severe Acute Respiratory Syndrome Coronavirus 2},
  year      = {2020},
  month     = {may},
  doi       = {10.1101/2020.05.01.067769},
  groups    = {04-sample-collection},
  publisher = {Cold Spring Harbor Laboratory},
}

@Article{Batejat2021,
  author    = {Christophe Bat{\'{e}}jat and Quentin Grassin and Jean-Claude Manuguerra and India Leclercq},
  journal   = {Journal of Biosafety and Biosecurity},
  title     = {Heat inactivation of the severe acute respiratory syndrome coronavirus 2},
  year      = {2021},
  month     = {jun},
  number    = {1},
  pages     = {1--3},
  volume    = {3},
  doi       = {10.1016/j.jobb.2020.12.001},
  groups    = {04-sample-collection},
  publisher = {Elsevier {BV}},
}

@Article{Zuber2020b,
  author   = {Robert Heinen and Petra Pjevac and Nikolaus Beer and Harald Scheuch and Johannes Zuber},
  journal  = {{Max Perutz Labs} \@ {Vienna COVID-19 Detection Initiative (VCDI)}},
  title    = {Standard {Operating} {Procedures}: {{COVID-19} {RT-qPCR} {Testing} {Pipeline} {Protocol} {version} {1.1}}},
  year     = {2020},
  month    = jun,
  pages    = {17},
  comment  = {URI:                 https://www.maxperutzlabs.ac.at/fileadmin/user_upload/VCDI/News/COVID19_Testing_VCDI_v1.1.pdf
Name (New):   Zuber2020a_VCDI_1.1.1_20200824_TYPO.pdf
Size:                 4684448 bytes
CRC32:            C1BA5A96
CRC64:            99673DDE848BF041
SHA256:          0A7DBB199B93F994812D218B56243FA7EEF8ED4BAEFE1D60A773A9A2781E1A37
SHA1:              376674A7C29015753746F7B32ADAD1C45907C88E
BLAKE2sp:     3FDF69EDA6528B601DD31B036E3A030EEF45D1C00FAE585D5FC177A643A1F780

URI:                 https://www.maxperutzlabs.ac.at/fileadmin/user_upload/VCDI/News/COVID19_Testing_VCDI_v1.1_.pdf
Name (New):   Zuber2020b_VCDI_1.1.2_20201029_PROPER.pdf
Size:                 4580292 bytes
CRC32:            13DAC13C
CRC64:            E296DDED751A7EA4
SHA256:          BAC1337C110AFE693E7503D9805F98CD28EA945871F2032E1798465C581F7205
SHA1:              AAA7812CA73385FC3B759CE6360808DEA3A74710
BLAKE2sp:     A2A3C023A3228CD7D81EC8DB9C88990BA2DA5DC691A76FAEAA7AA356634EBB85},
  groups   = {04-sample-collection},
  language = {en},
  url      = {https://www.maxperutzlabs.ac.at/vcdi/vcdi-news/sop},
  urldate  = {2020-10-29},
}

@Article{Marti2021,
  author    = {Didac Mart{\'{\i}} and Juan Torras and Oscar Bertran and Pau Turon and Carlos Alem{\'{a}}n},
  journal   = {Computational and Structural Biotechnology Journal},
  title     = {Temperature effect on the {SARS}-{CoV}-2: A molecular dynamics study of the spike homotrimeric glycoprotein},
  year      = {2021},
  pages     = {1848--1862},
  volume    = {19},
  doi       = {10.1016/j.csbj.2021.03.037},
  groups    = {04-sample-collection},
  publisher = {Elsevier {BV}},
}
