%%%%%%%%%%%%%%%%%%%%%%%%%%%%%%%%%%%%%%%%%%%%%%%%%%%%%%%%%%%%%%%%%%%%%%%%%%%%%%%%
%%        [B]       08        Regulatory Landscape                            %%
%%%%%%%%%%%%%%%%%%%%%%%%%%%%%%%%%%%%%%%%%%%%%%%%%%%%%%%%%%%%%%%%%%%%%%%%%%%%%%%%

@Article{Schneider2017,
  author    = {Frank Schneider and Caroline Maurer and Richard C. Friedberg},
  journal   = {Annals of Laboratory Medicine},
  title     = {International Organization for Standardization ({ISO}) 15189},
  year      = {2017},
  month     = {sep},
  number    = {5},
  pages     = {365--370},
  volume    = {37},
  doi       = {10.3343/alm.2017.37.5.365},
  groups    = {08-regs-clinical},
  publisher = {Annals of Laboratory Medicine},
}

@Article{Vollebregt2016,
  author  = {Erik Vollebregt and Gert Bos},
  journal = {BSI},
  title   = {How to prepare for and implement the upcoming IVDR – Dos and don’ts},
  year    = {2016},
  groups  = {08-regs-clinical},
  url     = {https://www.bsigroup.com/LocalFiles/EN-AU/ISO 13485 Medical Devices/Whitepapers/WP12_How_to_prepare_for_and_implement_the_upcoming_IVDR___Dos_and_Don___ts.pdf},
}

@Article{EC2020,
  author    = {{EU Commission}},
  title     = {Communication From The Commission: Guidelines on COVID-19 in vitro diagnostic tests and their performance},
  year      = {2020},
  month     = apr,
  groups    = {08-regs-clinical},
  timestamp = {2020-04-15},
  url       = {https://ec.europa.eu/info/sites/info/files/testing_kits_communication.pdf},
}

@Article{EU2017,
  author    = {{European Union}},
  journal   = {Official Journal of the European Union},
  title     = {Regulation (EU) 2017/746 of the European Parliament and of the Council of 5 April 2017 on in vitro diagnostic medical devices and repealing Directive 98/79/EC and Commission Decision 2010/227/EU (Text with EEA relevance.)},
  year      = {2017},
  month     = may,
  pages     = {176-332},
  volume    = {OJ L 117},
  groups    = {08-regs-clinical},
  timestamp = {2017-05-05},
  url       = {http://data.europa.eu/eli/reg/2017/746/oj},
}

@Article{Nolan2020,
  author = {Lorraine Nolan},
  title  = {COVID‐19 Testing and Contact Tracing ‐ HPRA Submission},
  year   = {2020-06-16},
  volume = {SCC19R-R-0248(ii) D},
  groups = {08-regs-clinical},
  url    = {https://data.oireachtas.ie/ie/oireachtas/committee/dail/33/special_committee_on_covid_19_response/submissions/2020/2020-08-04_submission-lorraine-nolan-chief-executive-health-products-regulatory-authority-scc19r-r-0248_en.pdf},
}

@Misc{PacificBridge2018,
  author   = {{Pacific Bridge}},
  title    = {ASEAN Medical Device \& Pharmaceutical Regulations},
  abstract = {Learn about the medical device and drug regulatory systems in Malaysia, Philippines, Thailand, Indonesia, and Vietnam, as well as the ASEAN Common Submission Dossier Template (CSDT) for medical devices and Common Technical Dossier (ACTD) for pharmaceuticals. Read timely news on regulatory affairs in Southeast Asia.},
  groups   = {08-regs-clinical},
  journal  = {Pacific Bridge Medical},
  language = {en-US},
  url      = {https://www.pacificbridgemedical.com/regulation/asean-medical-device-pharmaceutical-regulations/},
  urldate  = {2021-07-06},
}

@Article{FDAEUA2021,
  author   = {FDA},
  title    = {Coronavirus Disease 2019 (COVID-19) Emergency Use Authorizations for Medical Devices: In Vitro Diagnostics EUAs},
  year     = {2021},
  month    = may,
  groups   = {08-regs-clinical},
  language = {en},
  url      = {https://www.fda.gov/medical-devices/coronavirus-disease-2019-covid-19-emergency-use-authorizations-medical-devices/in-vitro-diagnostics-euas},
  urldate  = {2021-05-24},
}

@Article{Hasell2020,
  author    = {Joe Hasell and Edouard Mathieu and Diana Beltekian and Bobbie Macdonald and Charlie Giattino and Esteban Ortiz-Ospina and Max Roser and Hannah Ritchie},
  journal   = {Scientific Data},
  title     = {A cross-country database of {COVID}-19 testing},
  year      = {2020},
  month     = {oct},
  number    = {1},
  volume    = {7},
  doi       = {10.1038/s41597-020-00688-8},
  groups    = {08-regs-clinical},
  publisher = {Springer Science and Business Media {LLC}},
}

@Article{Dong2020,
  author    = {Ensheng Dong and Hongru Du and Lauren Gardner},
  journal   = {The Lancet Infectious Diseases},
  title     = {An interactive web-based dashboard to track {COVID}-19 in real time},
  year      = {2020},
  month     = {may},
  number    = {5},
  pages     = {533--534},
  volume    = {20},
  doi       = {10.1016/s1473-3099(20)30120-1},
  groups    = {08-regs-clinical},
  publisher = {Elsevier {BV}},
}

@Article{MacKay2020,
  author    = {Matthew J. MacKay and Anna C. Hooker and Ebrahim Afshinnekoo and Marc Salit and Jason Kelly and Jonathan V. Feldstein and Nick Haft and Doug Schenkel and Subhalaxmi Nambi and Yizhi Cai and Feng Zhang and George Church and Junbiao Dai and Cliff L. Wang and Shawn Levy and Jeff Huber and Hanlee P. Ji and Alison Kriegel and Anne L. Wyllie and Christopher E. Mason},
  journal   = {Nature Biotechnology},
  title     = {The {COVID}-19 {XPRIZE} and the need for scalable, fast, and widespread testing},
  year      = {2020},
  month     = {aug},
  number    = {9},
  pages     = {1021--1024},
  volume    = {38},
  doi       = {10.1038/s41587-020-0655-4},
  groups    = {08-regs-clinical},
  publisher = {Springer Science and Business Media {LLC}},
}

@Article{Woelfel2020a,
  author    = {Roman Wölfel and Victor M. Corman and Wolfgang Guggemos and Michael Seilmaier and Sabine Zange and Marcel A. Müller and Daniela Niemeyer and Terry C. Jones and Patrick Vollmar and Camilla Rothe and Michael Hoelscher and Tobias Bleicker and Sebastian Brünink and Julia Schneider and Rosina Ehmann and Katrin Zwirglmaier and Christian Drosten and Clemens Wendtner},
  journal   = {Nature},
  title     = {Virological assessment of hospitalized patients with {COVID}-2019},
  year      = {2020},
  month     = {apr},
  number    = {7809},
  pages     = {465--469},
  volume    = {581},
  doi       = {10.1038/s41586-020-2196-x},
  groups    = {08-regs-clinical},
  publisher = {Springer Science and Business Media {LLC}},
}

@Article{Woelfel2020b,
  author    = {Roman Wölfel and Victor M. Corman and Wolfgang Guggemos and Michael Seilmaier and Sabine Zange and Marcel A. Müller and Daniela Niemeyer and Terry C. Jones and Patrick Vollmar and Camilla Rothe and Michael Hoelscher and Tobias Bleicker and Sebastian Brünink and Julia Schneider and Rosina Ehmann and Katrin Zwirglmaier and Christian Drosten and Clemens Wendtner},
  journal   = {Nature},
  title     = {Virological assessment of hospitalized patients with {COVID}-2019},
  year      = {2020},
  month     = {apr},
  number    = {7809},
  pages     = {465--469},
  volume    = {581},
  doi       = {10.1038/s41586-020-2196-x},
  groups    = {08-regs-clinical},
  publisher = {Springer Science and Business Media {LLC}},
}

@Article{Larremore2020,
  author    = {Daniel B. Larremore and Bryan Wilder and Evan Lester and Soraya Shehata and James M. Burke and James A. Hay and Milind Tambe and Michael J. Mina and Roy Parker},
  title     = {Test sensitivity is secondary to frequency and turnaround time for {COVID}-19 surveillance},
  year      = {2020},
  month     = {jun},
  doi       = {10.1101/2020.06.22.20136309},
  groups    = {08-regs-clinical},
  publisher = {Cold Spring Harbor Laboratory},
}

@Article{Pan2020,
  author    = {Yang Pan and Daitao Zhang and Peng Yang and Leo L M Poon and Quanyi Wang},
  journal   = {The Lancet Infectious Diseases},
  title     = {Viral load of {SARS}-{CoV}-2 in clinical samples},
  year      = {2020},
  month     = {apr},
  number    = {4},
  pages     = {411--412},
  volume    = {20},
  doi       = {10.1016/s1473-3099(20)30113-4},
  groups    = {08-regs-clinical},
  publisher = {Elsevier {BV}},
}

@Article{FDAEUA2020,
  author   = {FDA},
  title    = {{SARS}-{CoV}-2 Reference Panel Comparative Data},
  year     = {2020},
  month    = dec,
  groups   = {08-regs-clinical},
  language = {en},
  url      = {https://www.fda.gov/medical-devices/coronavirus-covid-19-and-medical-devices/sars-cov-2-reference-panel-comparative-data},
  urldate  = {2021-07-06},
}

@Article{CIRCARE2021,
  author = {CIRCARE},
  title  = {Commercial Institutional Review Boards (IRBs)},
  year   = {2002-2021},
  groups = {08-regs-clinical},
  url    = {http://www.circare.org/info/commercialirb.htm},
}

@Article{OHRP2016,
  author = {{Office For Human Research Protections}},
  title  = {Register IRBs \& Obtain FWAs},
  year   = {2016},
  month  = feb,
  groups = {08-regs-clinical},
  url    = {https://www.hhs.gov/ohrp/register-irbs-and-obtain-fwas/index.html},
}

@Article{FDA20200313,
  author = {FDA},
  title  = {Coronavirus (COVID-19) update: FDA gives flexibility to New York State Department of Health, FDA issues emergency use authorization diagnostic.},
  year   = {2020},
  month  = mar,
  groups = {08-regs-clinical},
  url    = {https://www.fda.gov/news-events/press-announcements/coronavirus-covid-19-update-fda-gives-flexibility-new-york-state-department-health-fda-issues},
}

@Article{Trump2020,
  author = {Donald Trump},
  title  = {Memorandum for the Secretary of Health and Human Services: Expanding state-approved diagnostic tests.},
  year   = {2020},
  groups = {08-regs-clinical},
  url    = {https://web.archive.org/web/20200313234522/https://www.whitehouse.gov/presidential-actions/memorandum-expanding-state-approved-diagnostic-tests/},
}

@Article{FDA20200306,
  author  = {FDA},
  journal = {Federal Register},
  title   = {Policy for Diagnostics Testing in Laboratories Certified To Perform High Complexity Testing Under the Clinical Laboratory Improvement Amendments Prior to Emergency Use Authorization for Coronavirus Disease-2019 During the Public Health Emergency},
  year    = {2020},
  month   = mar,
  pages   = {13169-13170},
  volume  = {85 FR 13169},
  groups  = {08-regs-clinical},
  url     = {https://www.federalregister.gov/documents/2020/03/06/2020-04630/policy-for-diagnostics-testing-in-laboratories-certified-to-perform-high-complexity-testing-under},
}

@Article{Clark2020,
  author  = {Ashley Clark},
  journal = {Regulatory Focus™},
  title   = {FDA requirement updates for EUAs for diagnostics to support COVID-19 pandemic},
  year    = {2020},
  month   = aug,
  groups  = {08-regs-clinical},
  url     = {https://www.raps.org/news-and-articles/news-articles/2020/8/fda-requirement-updates-for-euas-for-diagnostics-t},
}

@Article{CDCCLIA,
  author = {CDC},
  title  = {Clinical Laboratory Improvement Amendments (CLIA)},
  year   = {2021},
  month  = jun,
  groups = {08-regs-clinical},
  url    = {https://www.cdc.gov/clia/},
}
