%%%%%%%%%%%%%%%%%%%%%%%%%%%%%%%%%%%%%%%%%%%%%%%%%%%%%%%%%%%%%%%%%%%%%%%%%%%%%%%%
%%         [C] [B]  10.06     Doing LAMP in the Real World                    %%
%%                             Wastewater Surveillance                        %%
%%                             Direct RT-qLAMP & Raw Sewage                   %%
%%%%%%%%%%%%%%%%%%%%%%%%%%%%%%%%%%%%%%%%%%%%%%%%%%%%%%%%%%%%%%%%%%%%%%%%%%%%%%%%

%%   10.06


@Article{Butler2020,
  author    = {Daniel J. Butler and Christopher Mozsary and Cem Meydan and David Danko and Jonathan Foox and Joel Rosiene and Alon Shaiber and Ebrahim Afshinnekoo and Matthew MacKay and Fritz J. Sedlazeck and Nikolay A. Ivanov and Maria Sierra and Diana Pohle and Michael Zietz and Undina Gisladottir and Vijendra Ramlall and Craig D. Westover and Krista Ryon and Benjamin Young and Chandrima Bhattacharya and Phyllis Ruggiero and Bradley W. Langhorst and Nathan Tanner and Justyna Gawrys and Dmitry Meleshko and Dong Xu and Peter A. D. Steel and Amos J. Shemesh and Jenny Xiang and Jean Thierry-Mieg and Danielle Thierry-Mieg and Robert E. Schwartz and Angelika Iftner and Daniela Bezdan and John Sipley and Lin Cong and Arryn Craney and Priya Velu and Ari M. Melnick and Iman Hajirasouliha and Stacy M. Horner and Thomas Iftner and Mirella Salvatore and Massimo Loda and Lars F. Westblade and Melissa Cushing and Shawn Levy and Shixiu Wu and Nicholas Tatonetti and Marcin Imielinski and Hanna Rennert and Christopher E. Mason},
  title     = {Shotgun Transcriptome and Isothermal Profiling of {SARS}-{CoV}-2 Infection Reveals Unique Host Responses, Viral Diversification, and Drug Interactions},
  year      = {2020},
  month     = {apr},
  doi       = {10.1101/2020.04.20.048066},
  groups    = {10.05-environmental},
  publisher = {Cold Spring Harbor Laboratory},
  timestamp = {2020-12-15},
}

@Article{Xing2020,
  author    = {Yu-Han Xing and Wei Ni and Qin Wu and Wen-Jie Li and Guo-Ju Li and Wen-Di Wang and Jian-Ning Tong and Xiu-Feng Song and Gary Wing-Kin Wong and Quan-Sheng Xing},
  journal   = {Journal of Microbiology, Immunology and Infection},
  title     = {Prolonged viral shedding in feces of pediatric patients with coronavirus disease 2019},
  year      = {2020},
  month     = {jun},
  number    = {3},
  pages     = {473--480},
  volume    = {53},
  doi       = {10.1016/j.jmii.2020.03.021},
  groups    = {10.05-environmental},
  publisher = {Elsevier {BV}},
  timestamp = {2020-12-15},
}

@Article{Gupta2020,
  author    = {S Gupta and J Parker and S Smits and J Underwood and S Dolwani},
  title     = {Persistent viral shedding of {SARS}-{CoV}-2 in faeces - a rapid review},
  year      = {2020},
  month     = {apr},
  doi       = {10.1101/2020.04.17.20069526},
  groups    = {10.05-environmental},
  publisher = {Cold Spring Harbor Laboratory},
  timestamp = {2020-12-15},
}

@Article{Liu2004,
  author    = {Wei Liu and Fang Tang and Arnaud Fontanet and Lin Zhan and Qiu-Min Zhao and Pan-He Zhang and Xiao-Ming Wu and Shu-Qing Zuo and Laurence Baril and Astrid Vabret and Zhong-Tao Xin and Yi-Ming Shao and Hong Yang and Wu-Chun Cao},
  journal   = {Emerging Infectious Diseases},
  title     = {Long-term {SARS} Coronavirus Excretion from Patient Cohort, China},
  year      = {2004},
  month     = {oct},
  number    = {10},
  pages     = {1841--1843},
  volume    = {10},
  doi       = {10.3201/eid1010.040297},
  groups    = {10.05-environmental},
  publisher = {Centers for Disease Control and Prevention ({CDC})},
  timestamp = {2020-12-15},
}

@Article{Medema2020,
  author    = {Gertjan Medema and Leo Heijnen and Goffe Elsinga and Ronald Italiaander and Anke Brouwer},
  journal   = {Environmental Science {\&} Technology Letters},
  title     = {Presence of {SARS}-Coronavirus-2 {RNA} in Sewage and Correlation with Reported {COVID}-19 Prevalence in the Early Stage of the Epidemic in The Netherlands},
  year      = {2020},
  month     = {may},
  number    = {7},
  pages     = {511--516},
  volume    = {7},
  doi       = {10.1021/acs.estlett.0c00357},
  groups    = {10.05-environmental},
  publisher = {American Chemical Society ({ACS})},
  timestamp = {2020-12-15},
}

@Article{Wurtzer2020,
  author    = {S Wurtzer and V Marechal and JM Mouchel and Y Maday and R Teyssou and E Richard and JL Almayrac and L Moulin},
  title     = {Evaluation of lockdown impact on {SARS}-{CoV}-2 dynamics through viral genome quantification in Paris wastewaters},
  year      = {2020},
  month     = {apr},
  doi       = {10.1101/2020.04.12.20062679},
  groups    = {10.05-environmental},
  publisher = {Cold Spring Harbor Laboratory},
  timestamp = {2020-12-15},
}

@Article{Rosa2020,
  author    = {Giuseppina La Rosa and Marcello Iaconelli and Pamela Mancini and Giusy Bonanno Ferraro and Carolina Veneri and Lucia Bonadonna and Luca Lucentini and Elisabetta Suffredini},
  title     = {{FIRST} {DETECTION} {OF} {SARS}-{COV}-2 {IN} {UNTREATED} {WASTEWATERS} {IN} {ITALY}},
  year      = {2020},
  month     = {apr},
  doi       = {10.1101/2020.04.25.20079830},
  groups    = {10.05-environmental},
  publisher = {Cold Spring Harbor Laboratory},
  timestamp = {2020-12-15},
}

@Article{Wu2020,
  author    = {FQ Wu and A Xiao and JB Zhang and XQ Gu and WL Lee and K Kauffman and WP Hanage and M Matus and N Ghaeli and N Endo and C Duvallet and K Moniz and TB Erickson and PR Chai and J Thompson and EJ Alm},
  title     = {{SARS}-{CoV}-2 titers in wastewater are higher than expected from clinically confirmed cases},
  year      = {2020},
  month     = {apr},
  doi       = {10.1101/2020.04.05.20051540},
  groups    = {10.05-environmental},
  publisher = {Cold Spring Harbor Laboratory},
  timestamp = {2020-12-15},
}

@Article{Peccia2020,
  author    = {Jordan Peccia and Alessandro Zulli and Doug E. Brackney and Nathan D. Grubaugh and Edward H. Kaplan and Arnau Casanovas-Massana and Albert I. Ko and Amyn A. Malik and Dennis Wang and Mike Wang and Joshua L. Warren and Daniel M. Weinberger and Saad B. Omer},
  title     = {{SARS}-{CoV}-2 {RNA} concentrations in primary municipal sewage sludge as a leading indicator of {COVID}-19 outbreak dynamics},
  year      = {2020},
  month     = {may},
  doi       = {10.1101/2020.05.19.20105999},
  groups    = {10.05-environmental},
  publisher = {Cold Spring Harbor Laboratory},
  timestamp = {2020-12-15},
}

@Article{Kumar2020,
  author    = {Manish Kumar and Arbind K Patel and Anil V Shah and Janvi Raval and Neha Rajpara and Madhvi Joshi and Chaitanya G Joshi},
  title     = {The first proof of the capability of wastewater surveillance for {COVID}-19 in India through the detection of the genetic material of {SARS}-{CoV}-2},
  year      = {2020},
  month     = {jun},
  doi       = {10.1101/2020.06.16.20133215},
  groups    = {10.05-environmental},
  publisher = {Cold Spring Harbor Laboratory},
  timestamp = {2020-12-15},
}

@Article{Karanis2007,
  author    = {Panagiotis Karanis and Oriel Thekisoe and Klytaimnistra Kiouptsi and Jerry Ongerth and Ikuo Igarashi and Noborou Inoue},
  journal   = {Applied and Environmental Microbiology},
  title     = {Development and Preliminary Evaluation of a Loop-Mediated Isothermal Amplification Procedure for Sensitive Detection of Cryptosporidium Oocysts in Fecal and Water Samples},
  year      = {2007},
  month     = {jul},
  number    = {17},
  pages     = {5660--5662},
  volume    = {73},
  doi       = {10.1128/aem.01152-07},
  groups    = {10.05-environmental},
  publisher = {American Society for Microbiology},
  timestamp = {2020-12-15},
}

@Article{Burenbaatar2008,
  author    = {Byambaa Burenbaatar and Mohammed A. Bakheit and Judit Plutzer and Naoyoshi Suzuki and Ikuo Igarashi and Jerry Ongerth and Panagiotis Karanis},
  journal   = {Parasitology Research},
  title     = {Prevalence and genotyping of Cryptosporidium species from farm animals in Mongolia},
  year      = {2008},
  month     = {feb},
  number    = {5},
  pages     = {901--905},
  volume    = {102},
  doi       = {10.1007/s00436-007-0847-6},
  groups    = {10.05-environmental},
  publisher = {Springer Science and Business Media {LLC}},
  timestamp = {2020-12-15},
}

@Article{GALLASLINDEMANN2012,
  author    = {C. GALLAS-LINDEMANN and I. SOTIRIADOU and J. PLUTZER and P. KARANIS},
  journal   = {Epidemiology and Infection},
  title     = {Prevalence and distribution of Cryptosporidium and Giardia in wastewater and the surface, drinking and ground waters in the Lower Rhine, Germany},
  year      = {2012},
  month     = {sep},
  number    = {1},
  pages     = {9--21},
  volume    = {141},
  doi       = {10.1017/s0950268812002026},
  groups    = {10.05-environmental},
  publisher = {Cambridge University Press ({CUP})},
  timestamp = {2020-12-15},
}

@Article{Ongerth2020a,
  author    = {Jerry E. Ongerth and Frhat M. A. Saaed},
  title     = {Multiplex {LAMP} for Simplified Monitoring Cryptosporidium and Giardia in Surface Water},
  year      = {2020},
  month     = {aug},
  doi       = {10.1101/2020.08.18.256826},
  groups    = {10.05-environmental},
  publisher = {Cold Spring Harbor Laboratory},
  timestamp = {2020-12-15},
}

@Article{Ongerth2020b,
  author    = {Jerry E. Ongerth and Richard E. Danielson},
  title     = {{RT} {qLAMP}--Direct Detection of {SARS}-{CoV}-2 in Raw Sewage},
  year      = {2020},
  month     = {oct},
  doi       = {10.1101/2020.10.01.20205492},
  groups    = {10.05-environmental},
  publisher = {Cold Spring Harbor Laboratory},
  timestamp = {2020-12-15},
}

%%%  10.06.2020-12-17v01

@Article{Hovi2011,
  author    = {T. HOVI and L. M. SHULMAN and H. VAN DER AVOORT and J. DESHPANDE and M. ROIVAINEN and E. M. DE GOURVILLE},
  journal   = {Epidemiology and Infection},
  title     = {Role of environmental poliovirus surveillance in global polio eradication and beyond},
  year      = {2011},
  month     = {aug},
  number    = {1},
  pages     = {1--13},
  volume    = {140},
  doi       = {10.1017/s095026881000316x},
  groups    = {10.05-environmental},
  publisher = {Cambridge University Press ({CUP})},
  timestamp = {2020-12-17},
}

@Article{Choi2018,
  author    = {Phil M. Choi and Ben J. Tscharke and Erica Donner and Jake W. O{\textquotesingle}Brien and Sharon C. Grant and Sarit L. Kaserzon and Rachel Mackie and Elissa O{\textquotesingle}Malley and Nicholas D. Crosbie and Kevin V. Thomas and Jochen F. Mueller},
  journal   = {{TrAC} Trends in Analytical Chemistry},
  title     = {Wastewater-based epidemiology biomarkers: Past, present and future},
  year      = {2018},
  month     = {aug},
  pages     = {453--469},
  volume    = {105},
  doi       = {10.1016/j.trac.2018.06.004},
  groups    = {10.05-environmental},
  publisher = {Elsevier {BV}},
  timestamp = {2020-12-17},
}

@Article{Tscharke2019,
  author    = {Benjamin J. Tscharke and Jake W. O'Brien and Christoph Ort and Sharon Grant and Cobus Gerber and Richard Bade and Phong K. Thai and Kevin V. Thomas and Jochen F. Mueller},
  journal   = {Environmental Science {\&} Technology},
  title     = {Harnessing the Power of the Census: Characterizing Wastewater Treatment Plant Catchment Populations for Wastewater-Based Epidemiology},
  year      = {2019},
  month     = {jul},
  number    = {17},
  pages     = {10303--10311},
  volume    = {53},
  doi       = {10.1021/acs.est.9b03447},
  groups    = {10.05-environmental},
  publisher = {American Chemical Society ({ACS})},
  timestamp = {2020-12-17},
}

@Article{Pecson2020,
  author    = {Brian M. Pecson and Emily Darby and Charles N. Haas and Yamrot Amha and Mitchel Bartolo and Richard Danielson and Yeggie Dearborn and George Di Giovanni and Christobel Ferguson and Stephanie Fevig and Erica Gaddis and Don Gray and George Lukasik and Bonnie Mull and Liana Olivas and Adam Olivieri and Yan Qu and},
  title     = {Reproducibility and sensitivity of 36 methods to quantify the {SARS}-{CoV}-2 genetic signal in raw wastewater: findings from an interlaboratory methods evaluation in the U.S.},
  year      = {2020},
  month     = {nov},
  doi       = {10.1101/2020.11.02.20221622},
  groups    = {10.05-environmental},
  publisher = {Cold Spring Harbor Laboratory},
  timestamp = {2020-12-17},
}