
@Article{Ma2016a,
  author    = {Yi Ma and Beilei Zhang and Meng Wang and Yanghui Ou and Jufang Wang and Shan Li},
  journal   = {{BioMed} Research International},
  title     = {Enhancement of Polymerase Activity of the Large Fragment in {DNA} Polymerase I from Geobacillus stearothermophilus by Site-Directed Mutagenesis at the Active Site},
  year      = {2016},
  pages     = {1--8},
  volume    = {2016},
  doi       = {10.1155/2016/2906484},
  groups    = {10.08-bst-polymerase-biology, 05-target-amplification, step-0-staging, 1-in-authors},
  publisher = {Hindawi Limited},
  timestamp = {2020-12-17},
}

@Article{Maranhao2020,
  author    = {Andre Maranhao and Sanchita Bhadra and Inyup Paik and David Walker and Andrew D. Ellington},
  title     = {An improved and readily available version of Bst {DNA} Polymerase for {LAMP}, and applications to {COVID}-19 diagnostics},
  year      = {2020},
  month     = {oct},
  doi       = {10.1101/2020.10.02.20203356},
  groups    = {has-annotation, 10.08-bst-polymerase-biology, 05-target-amplification},
  publisher = {Cold Spring Harbor Laboratory},
  timestamp = {2020-12-17},
}

@Article{Raia2019,
  author    = {Pierre Raia and Marc Delarue and Ludovic Sauguet},
  journal   = {Biochemical Society Transactions},
  title     = {An updated structural classification of replicative {DNA} polymerases},
  year      = {2019},
  month     = {jan},
  number    = {1},
  pages     = {239--249},
  volume    = {47},
  doi       = {10.1042/bst20180579},
  groups    = {10.08-bst-polymerase-biology},
  publisher = {Portland Press Ltd.},
  timestamp = {2020-12-31},
}

@Article{Kiefer1997,
  author    = {James R Kiefer and Chen Mao and Connie J Hansen and Scott L Basehore and Holly H Hogrefe and Jeffrey C Braman and Lorena S Beese},
  title     = {Crystal structure of a thermostable Bacillus {DNA} polymerase l large fragment at 2.1 {\{AA}} resolution,
  year      = {1997},
  month     = {jan},
  number    = {1},
  pages     = {95--108},
  volume    = {5},
  doi       = {10.1016/s0969-2126(97)00169-x},
  groups    = {10.08-bst-polymerase-biology},
  publisher = {Elsevier {BV}},
  timestamp = {2020-12-31},
}

@Article{Patel2001,
  author    = {Premal H. Patel and Motoshi Suzuki and Elinor Adman and Akeo Shinkai and Lawrence A. Loeb},
  journal   = {Journal of Molecular Biology},
  title     = {Prokaryotic {DNA} polymerase I: evolution, structure, and {\textquotedblleft}base flipping{\textquotedblright} mechanism for nucleotide selection},
  year      = {2001},
  month     = {may},
  number    = {5},
  pages     = {823--837},
  volume    = {308},
  doi       = {10.1006/jmbi.2001.4619},
  groups    = {10.08-bst-polymerase-biology},
  publisher = {Elsevier {BV}},
  timestamp = {2020-12-31},
}

@Article{Loh2005,
  author    = {Ern Loh and Lawrence A. Loeb},
  journal   = {{DNA} Repair},
  title     = {Mutability of {DNA} polymerase I: Implications for the creation of mutant {DNA} polymerases},
  year      = {2005},
  month     = {dec},
  number    = {12},
  pages     = {1390--1398},
  volume    = {4},
  doi       = {10.1016/j.dnarep.2005.09.006},
  groups    = {10.08-bst-polymerase-biology},
  publisher = {Elsevier {BV}},
  timestamp = {2020-12-31},
}

@Article{Nikoomanzar2020,
  author    = {Ali Nikoomanzar and Nicholas Chim and Eric J. Yik and John C. Chaput},
  journal   = {Quarterly Reviews of Biophysics},
  title     = {Engineering polymerases for applications in synthetic biology},
  year      = {2020},
  volume    = {53},
  doi       = {10.1017/s0033583520000050},
  groups    = {10.08-bst-polymerase-biology},
  publisher = {Cambridge University Press ({CUP})},
  timestamp = {2020-12-31},
}

@Article{Coulther2019,
  author    = {Timothy A. Coulther and Hannah R. Stern and Penny J. Beuning},
  journal   = {Trends in Biotechnology},
  title     = {Engineering Polymerases for New Functions},
  year      = {2019},
  month     = {oct},
  number    = {10},
  pages     = {1091--1103},
  volume    = {37},
  doi       = {10.1016/j.tibtech.2019.03.011},
  groups    = {10.08-bst-polymerase-biology},
  publisher = {Elsevier {BV}},
  timestamp = {2020-12-31},
}

@Article{Chim2018,
  author    = {Nicholas Chim and Lynnette N Jackson and Anh M Trinh and John C Chaput},
  journal   = {{eLife}},
  title     = {Crystal structures of {DNA} polymerase I capture novel intermediates in the {DNA} synthesis pathway},
  year      = {2018},
  month     = {oct},
  volume    = {7},
  doi       = {10.7554/elife.40444},
  groups    = {10.08-bst-polymerase-biology},
  publisher = {{eLife} Sciences Publications, Ltd},
  timestamp = {2020-12-31},
}

@Article{Gangurde2000,
  author    = {Rajiv Gangurde and Neerja Kaushik and Kamalendra Singh and Mukund J. Modak},
  journal   = {Journal of Biological Chemistry},
  title     = {A Carboxylate Triad Is Essential for the Polymerase Activity {ofEscherichia} {coliDNA} Polymerase I (Klenow Fragment)},
  year      = {2000},
  month     = {apr},
  number    = {26},
  pages     = {19685--19692},
  volume    = {275},
  doi       = {10.1074/jbc.m002307200},
  groups    = {10.08-bst-polymerase-biology},
  publisher = {American Society for Biochemistry {\&} Molecular Biology ({ASBMB})},
  timestamp = {2020-12-31},
}

@Article{Mendieta2008,
  author    = {Jes{\'{u}}s Mendieta and Clara E. Cases-Gonz{\'{a}}lez and Tania Matamoros and Galo Ram{\'{\i}}rez and Luis Men{\'{e}}ndez-Arias},
  journal   = {Proteins: Structure, Function, and Bioinformatics},
  title     = {A Mg2$\mathplus$-induced conformational switch rendering a competent {DNA} polymerase catalytic complex},
  year      = {2008},
  month     = {may},
  number    = {2},
  pages     = {565--574},
  volume    = {71},
  doi       = {10.1002/prot.21711},
  groups    = {10.08-bst-polymerase-biology},
  publisher = {Wiley},
  timestamp = {2020-12-31},
}

@Misc{Wang2011,
  author    = {W. Wang and L.S. Beese},
  month     = {oct},
  title     = {Crystal Structure of Bacillus {DNA} Polymerase I Large Fragment Bound to {DNA} and {ddTTP}-{dA} in Closed Conformation},
  year      = {2011},
  doi       = {10.2210/pdb3pv8/pdb},
  groups    = {10.08-bst-polymerase-biology},
  publisher = {Worldwide Protein Data Bank},
  timestamp = {2020-12-31},
}

@Article{Ramanathan2001,
  author    = {S. Ramanathan},
  journal   = {Nucleic Acids Research},
  title     = {Incoming nucleotide binds to Klenow ternary complex leading to stable physical sequestration of preceding {dNTP} on {DNA}},
  year      = {2001},
  month     = {may},
  number    = {10},
  pages     = {2097--2105},
  volume    = {29},
  doi       = {10.1093/nar/29.10.2097},
  groups    = {10.08-bst-polymerase-biology},
  publisher = {Oxford University Press ({OUP})},
  timestamp = {2020-12-31},
}

@Article{Kool2002,
  author    = {Eric T. Kool},
  journal   = {Annual Review of Biochemistry},
  title     = {Active Site Tightness and Substrate Fit in {DNA} Replication},
  year      = {2002},
  month     = {jun},
  number    = {1},
  pages     = {191--219},
  volume    = {71},
  doi       = {10.1146/annurev.biochem.71.110601.135453},
  groups    = {10.08-bst-polymerase-biology},
  publisher = {Annual Reviews},
  timestamp = {2020-12-31},
}

@Article{Golosov2010,
  author    = {Andrei A. Golosov and Joshua J. Warren and Lorena S. Beese and Martin Karplus},
  journal   = {Structure},
  title     = {The Mechanism of the Translocation Step in {DNA} Replication by {DNA} Polymerase I: A Computer Simulation Analysis},
  year      = {2010},
  month     = {jan},
  number    = {1},
  pages     = {83--93},
  volume    = {18},
  doi       = {10.1016/j.str.2009.10.014},
  groups    = {10.08-bst-polymerase-biology},
  publisher = {Elsevier {BV}},
  timestamp = {2020-12-31},
}

@PhdThesis{Morant2015,
  author    = {Nick Morant},
  school    = {University of Bath},
  title     = {Novel thermostable DNA Polymerases for isothermal DNA amplification},
  year      = {2015},
  month     = feb,
  groups    = {10.08-bst-polymerase-biology},
  timestamp = {2020-12-31},
  url       = {https://researchportal.bath.ac.uk/en/studentTheses/novel-thermostable-dna-polymerases-for-isothermal-dna-amplificati},
}

@Article{Oscorbin2017,
  author    = {Igor P. Oscorbin and Ekaterina A. Belousova and Ulyana A. Boyarskikh and Aleksandr I. Zakabunin and Evgeny A. Khrapov and Maksim L. Filipenko},
  journal   = {Nucleic Acids Research},
  title     = {Derivatives of Bst-like Gss-polymerase with improved processivity and inhibitor tolerance},
  year      = {2017},
  month     = {jul},
  number    = {16},
  pages     = {9595--9610},
  volume    = {45},
  doi       = {10.1093/nar/gkx645},
  groups    = {10.08-bst-polymerase-biology},
  publisher = {Oxford University Press ({OUP})},
  timestamp = {2020-12-31},
}

@Article{Milligan2018,
  author    = {John N. Milligan and Raghav Shroff and Daniel J. Garry and Andrew D. Ellington},
  journal   = {Biochemistry},
  title     = {Evolution of a Thermophilic Strand-Displacing Polymerase Using High-Temperature Isothermal Compartmentalized Self-Replication},
  year      = {2018},
  month     = {apr},
  number    = {31},
  pages     = {4607--4619},
  volume    = {57},
  doi       = {10.1021/acs.biochem.8b00200},
  groups    = {10.08-bst-polymerase-biology},
  publisher = {American Chemical Society ({ACS})},
  timestamp = {2020-12-31},
}

@Article{Piotrowski2019,
  author    = {Yvonne Piotrowski and Man Kumari Gurung and Atle Noralf Larsen},
  journal   = {{BMC} Molecular and Cell Biology},
  title     = {Characterization and engineering of a {DNA} polymerase reveals a single amino-acid substitution in the fingers subdomain to increase strand-displacement activity of A-family prokaryotic {DNA} polymerases},
  year      = {2019},
  month     = {aug},
  number    = {1},
  volume    = {20},
  doi       = {10.1186/s12860-019-0216-1},
  groups    = {10.08-bst-polymerase-biology},
  publisher = {Springer Science and Business Media {LLC}},
  timestamp = {2020-12-31},
}

@Patent{Piotrowski2016,
  nationality = {US},
  number      = {US 10787653 B2},
  year        = {2020},
  yearfiled   = {2016},
  assignee    = {Universiteet I Tromsø - Norges Arktiske Universitet},
  author      = {Yvonne Piotrowsi and Larsen Atle Noralf and Assefa Netsanet Gizaw and Lanes Olav},
  day         = {29},
  month       = sep,
  title       = {Marine Dna Polymerases},
  type        = {patentus},
  url         = {https://lens.org/152-904-296-943-976},
  groups      = {10.08-bst-polymerase-biology},
  timestamp   = {2020-12-31},
}

@Article{Vashishtha2016,
  author    = {Ashwani Kumar Vashishtha and Jimin Wang and William H. Konigsberg},
  journal   = {Journal of Biological Chemistry},
  title     = {Different Divalent Cations Alter the Kinetics and Fidelity of {DNA} Polymerases},
  year      = {2016},
  month     = {sep},
  number    = {40},
  pages     = {20869--20875},
  volume    = {291},
  doi       = {10.1074/jbc.r116.742494},
  groups    = {10.08-bst-polymerase-biology},
  publisher = {Elsevier {BV}},
  timestamp = {2021-06-26},
}

@Article{Kuhlman2019,
  author    = {Brian Kuhlman and Philip Bradley},
  journal   = {Nature Reviews Molecular Cell Biology},
  title     = {Advances in protein structure prediction and design},
  year      = {2019},
  month     = {aug},
  number    = {11},
  pages     = {681--697},
  volume    = {20},
  doi       = {10.1038/s41580-019-0163-x},
  groups    = {10.08-bst-polymerase-biology},
  publisher = {Springer Science and Business Media {LLC}},
  timestamp = {2021-06-26},
}

@Article{Leman2020,
  author    = {Julia Koehler Leman and Brian D. Weitzner and Steven M. Lewis and Jared Adolf-Bryfogle and Nawsad Alam and Rebecca F. Alford and Melanie Aprahamian and David Baker and Kyle A. Barlow and Patrick Barth and Benjamin Basanta and Brian J. Bender and Kristin Blacklock and Jaume Bonet and Scott E. Boyken and Phil Bradley and Chris Bystroff and Patrick Conway and Seth Cooper and Bruno E. Correia and Brian Coventry and Rhiju Das and Ren{\'{e}} M. De Jong and Frank DiMaio and Lorna Dsilva and Roland Dunbrack and Alexander S. Ford and Brandon Frenz and Darwin Y. Fu and Caleb Geniesse and Lukasz Goldschmidt and Ragul Gowthaman and Jeffrey J. Gray and Dominik Gront and Sharon Guffy and Scott Horowitz and Po-Ssu Huang and Thomas Huber and Tim M. Jacobs and Jeliazko R. Jeliazkov and David K. Johnson and Kalli Kappel and John Karanicolas and Hamed Khakzad and Karen R. Khar and Sagar D. Khare and Firas Khatib and Alisa Khramushin and Indigo C. King and Robert Kleffner and Brian Koepnick and Tanja Kortemme and Georg Kuenze and Brian Kuhlman and Daisuke Kuroda and Jason W. Labonte and Jason K. Lai and Gideon Lapidoth and Andrew Leaver-Fay and Steffen Lindert and Thomas Linsky and Nir London and Joseph H. Lubin and Sergey Lyskov and Jack Maguire and Lars Malmström and Enrique Marcos and Orly Marcu and Nicholas A. Marze and Jens Meiler and Rocco Moretti and Vikram Khipple Mulligan and Santrupti Nerli and Christoffer Norn and Shane {\'{O}}'Conch{\'{u}}ir and Noah Ollikainen and Sergey Ovchinnikov and Michael S. Pacella and Xingjie Pan and Hahnbeom Park and Ryan E. Pavlovicz and Manasi Pethe and Brian G. Pierce and Kala Bharath Pilla and Barak Raveh and P. Douglas Renfrew and Shourya S. Roy Burman and Aliza Rubenstein and Marion F. Sauer and Andreas Scheck and William Schief and Ora Schueler-Furman and Yuval Sedan and Alexander M. Sevy and Nikolaos G. Sgourakis and Lei Shi and Justin B. Siegel and Daniel-Adriano Silva and Shannon Smith and Yifan Song and Amelie Stein and Maria Szegedy and Frank D. Teets and Summer B. Thyme and Ray Yu-Ruei Wang and Andrew Watkins and Lior Zimmerman and Richard Bonneau},
  journal   = {Nature Methods},
  title     = {Macromolecular modeling and design in Rosetta: recent methods and frameworks},
  year      = {2020},
  month     = {jun},
  number    = {7},
  pages     = {665--680},
  volume    = {17},
  doi       = {10.1038/s41592-020-0848-2},
  groups    = {10.08-bst-polymerase-biology},
  publisher = {Springer Science and Business Media {LLC}},
  timestamp = {2021-06-26},
}

@Article{Der2013,
  author    = {Bryan S. Der and Christien Kluwe and Aleksandr E. Miklos and Ron Jacak and Sergey Lyskov and Jeffrey J. Gray and George Georgiou and Andrew D. Ellington and Brian Kuhlman},
  journal   = {{PLoS} {ONE}},
  title     = {Alternative Computational Protocols for Supercharging Protein Surfaces for Reversible Unfolding and Retention of Stability},
  year      = {2013},
  month     = {may},
  number    = {5},
  pages     = {e64363},
  volume    = {8},
  doi       = {10.1371/journal.pone.0064363},
  editor    = {Freddie Salsbury Jr},
  groups    = {10.08-bst-polymerase-biology},
  publisher = {Public Library of Science ({PLoS})},
  timestamp = {2021-06-26},
}

@Article{Campeotto2017,
  author    = {Ivan Campeotto and Adi Goldenzweig and Jack Davey and Lea Barfod and Jennifer M. Marshall and Sarah E. Silk and Katherine E. Wright and Simon J. Draper and Matthew K. Higgins and Sarel J. Fleishman},
  journal   = {Proceedings of the National Academy of Sciences},
  title     = {One-step design of a stable variant of the malaria invasion protein {RH}5 for use as a vaccine immunogen},
  year      = {2017},
  month     = {jan},
  number    = {5},
  pages     = {998--1002},
  volume    = {114},
  doi       = {10.1073/pnas.1616903114},
  groups    = {10.08-bst-polymerase-biology},
  publisher = {Proceedings of the National Academy of Sciences},
  timestamp = {2021-06-26},
}

@Article{Walker2021,
  author    = {Sidney P. Walker and Venkata V.B. Yallapragada and Mark Tangney},
  journal   = {Trends in Biotechnology},
  title     = {Arming Yourself for The In Silico Protein Design Revolution},
  year      = {2021},
  month     = {jul},
  number    = {7},
  pages     = {651--664},
  volume    = {39},
  doi       = {10.1016/j.tibtech.2020.10.003},
  groups    = {10.08-bst-polymerase-biology},
  publisher = {Elsevier {BV}},
  timestamp = {2021-06-26},
}
