
@Article{Wargocki2015,
  author    = {Piotr Wargocki and Wei Deng and Ayad Anwer and Ewa Goldys},
  journal   = {Sensors},
  title     = {Medically Relevant Assays with a Simple Smartphone and Tablet Based Fluorescence Detection System},
  year      = {2015},
  month     = {may},
  number    = {5},
  pages     = {11653--11664},
  volume    = {15},
  doi       = {10.3390/s150511653},
  groups    = {lamp-reader-app},
  publisher = {{MDPI} {AG}},
}

@Article{Burns2019,
  author    = {Scott A. Burns},
  journal   = {Color Research {\&} Application},
  title     = {Numerical methods for smoothest reflectance reconstruction},
  year      = {2019},
  month     = {nov},
  number    = {1},
  pages     = {8--21},
  volume    = {45},
  doi       = {10.1002/col.22437},
  groups    = {lamp-reader-app},
  publisher = {Wiley},
}

@Article{Burns2015,
  author = {Scott A. Burns},
  title  = {Generating Reflectance Curves from sRGB Triplets},
  year   = {2015},
  groups = {lamp-reader-app},
  url    = {http://scottburns.us/reflectance-curves-from-srgb},
}
