
@Article{Garneret2020,
  author    = {Pierre Garneret and Etienne Coz and Elian Martin and Jean-Claude Manuguerra and Elodie Brient-Litzler and Vincent Enouf and Daniel Felipe Gonzalez Obando and Jean-Christophe Olivo-Marin and Fabrice Monti and Sylvie Van der Werf and Jessica Vanhomwegen and Patrick Jean Tabeling},
  title     = {Highly performing point-of-care molecular testing for {SARS}-{CoV}-2 with {RNA} extraction and isothermal amplification.},
  year      = {2020},
  month     = {aug},
  doi       = {10.1101/2020.08.01.20166538},
  groups    = {has-annotation, 10.09-lamp-on-paper, 07-infrastructure},
  publisher = {Cold Spring Harbor Laboratory},
  timestamp = {2020-11-29},
}

@Article{Gong2017,
  author    = {Max M. Gong and David Sinton},
  journal   = {Chemical Reviews},
  title     = {Turning the Page: Advancing Paper-Based Microfluidics for Broad Diagnostic Application},
  year      = {2017},
  month     = {jun},
  number    = {12},
  pages     = {8447--8480},
  volume    = {117},
  doi       = {10.1021/acs.chemrev.7b00024},
  groups    = {10.09-lamp-on-paper, 07-infrastructure},
  publisher = {American Chemical Society ({ACS})},
  timestamp = {2020-12-14},
}

@Article{Carrell2019,
  author    = {Cody Carrell and Alyssa Kava and Michael Nguyen and Ruth Menger and Zarina Munshi and Zachary Call and Mark Nussbaum and Charles Henry},
  journal   = {Microelectronic Engineering},
  title     = {Beyond the lateral flow assay: A review of paper-based microfluidics},
  year      = {2019},
  month     = {feb},
  pages     = {45--54},
  volume    = {206},
  doi       = {10.1016/j.mee.2018.12.002},
  groups    = {10.09-lamp-on-paper, 07-infrastructure},
  publisher = {Elsevier {BV}},
  timestamp = {2020-12-14},
}

@Article{Everitt2021,
  author    = {Micaela L. Everitt and Alana Tillery and Martha G. David and Nikita Singh and Aviva Borison and Ian M. White},
  journal   = {Analytica Chimica Acta},
  title     = {A critical review of point-of-care diagnostic technologies to combat viral pandemics},
  year      = {2021},
  month     = {feb},
  pages     = {184--199},
  volume    = {1146},
  doi       = {10.1016/j.aca.2020.10.009},
  groups    = {10.09-lamp-on-paper},
  publisher = {Elsevier {BV}},
  timestamp = {2021-07-01},
}

@Article{Paul2020,
  author    = {Rajesh Paul and Emily Ostermann and Qingshan Wei},
  journal   = {Biosensors and Bioelectronics},
  title     = {Advances in point-of-care nucleic acid extraction technologies for rapid diagnosis of human and plant diseases},
  year      = {2020},
  month     = {dec},
  pages     = {112592},
  volume    = {169},
  doi       = {10.1016/j.bios.2020.112592},
  groups    = {10.09-lamp-on-paper},
  publisher = {Elsevier {BV}},
  timestamp = {2021-07-01},
}

@Article{McFall2015,
  author    = {Sally M. McFall and Robin L. Wagner and Sujit R. Jangam and Douglas H. Yamada and Diana Hardie and David M. Kelso},
  journal   = {Journal of Virological Methods},
  title     = {A simple and rapid {DNA} extraction method from whole blood for highly sensitive detection and quantitation of {HIV}-1 proviral {DNA} by real-time {PCR}},
  year      = {2015},
  month     = {mar},
  pages     = {37--42},
  volume    = {214},
  doi       = {10.1016/j.jviromet.2015.01.005},
  groups    = {10.09-lamp-on-paper},
  publisher = {Elsevier {BV}},
  timestamp = {2021-07-01},
}

@Article{Govindarajan2012,
  author    = {A. V. Govindarajan and S. Ramachandran and G. D. Vigil and P. Yager and K. F. Böhringer},
  journal   = {Lab Chip},
  title     = {A low cost point-of-care viscous sample preparation device for molecular diagnosis in the developing world: an example of microfluidic origami},
  year      = {2012},
  number    = {1},
  pages     = {174--181},
  volume    = {12},
  doi       = {10.1039/c1lc20622b},
  groups    = {10.09-lamp-on-paper},
  publisher = {Royal Society of Chemistry ({RSC})},
  timestamp = {2021-07-01},
}

@Article{Peng2017,
  author    = {Huan Peng and Haibo Long and Wenkun Huang and Jing Liu and Jiangkuan Cui and Lingan Kong and Xianqi Hu and Jianfeng Gu and Deliang Peng},
  journal   = {Scientific Reports},
  title     = {Rapid, simple and direct detection of Meloidogyne hapla from infected root galls using loop-mediated isothermal amplification combined with {FTA} technology},
  year      = {2017},
  month     = {apr},
  number    = {1},
  volume    = {7},
  doi       = {10.1038/srep44853},
  groups    = {10.09-lamp-on-paper},
  publisher = {Springer Science and Business Media {LLC}},
  timestamp = {2021-07-01},
}

@Article{Reboud2019,
  author    = {Julien Reboud and Gaolian Xu and Alice Garrett and Moses Adriko and Zhugen Yang and Edridah M. Tukahebwa and Candia Rowell and Jonathan M. Cooper},
  journal   = {Proceedings of the National Academy of Sciences},
  title     = {Paper-based microfluidics for {DNA} diagnostics of malaria in low resource underserved rural communities},
  year      = {2019},
  month     = {feb},
  number    = {11},
  pages     = {4834--4842},
  volume    = {116},
  doi       = {10.1073/pnas.1812296116},
  groups    = {10.09-lamp-on-paper},
  publisher = {Proceedings of the National Academy of Sciences},
  timestamp = {2021-07-01},
}

@Article{Garneret2021,
  author    = {Pierre Garneret and Etienne Coz and Elian Martin and Jean-Claude Manuguerra and Elodie Brient-Litzler and Vincent Enouf and Daniel Felipe Gonz{\'{a}}lez Obando and Jean-Christophe Olivo-Marin and Fabrice Monti and Sylvie van der Werf and Jessica Vanhomwegen and Patrick Tabeling},
  journal   = {{PLOS} {ONE}},
  title     = {Performing point-of-care molecular testing for {SARS}-{CoV}-2 with {RNA} extraction and isothermal amplification},
  year      = {2021},
  month     = {jan},
  number    = {1},
  pages     = {e0243712},
  volume    = {16},
  doi       = {10.1371/journal.pone.0243712},
  editor    = {Ruslan Kalendar},
  groups    = {10.09-lamp-on-paper},
  publisher = {Public Library of Science ({PLoS})},
  timestamp = {2021-07-01},
}

@Article{Rodriguez2015,
  author    = {Natalia M. Rodriguez and Jacqueline C. Linnes and Andy Fan and Courtney K. Ellenson and Nira R. Pollock and Catherine M. Klapperich},
  journal   = {Analytical Chemistry},
  title     = {Paper-Based {RNA} Extraction, in Situ Isothermal Amplification, and Lateral Flow Detection for Low-Cost, Rapid Diagnosis of Influenza A (H1N1) from Clinical Specimens},
  year      = {2015},
  month     = {jul},
  number    = {15},
  pages     = {7872--7879},
  volume    = {87},
  doi       = {10.1021/acs.analchem.5b01594},
  groups    = {10.09-lamp-on-paper},
  publisher = {American Chemical Society ({ACS})},
  timestamp = {2021-07-01},
}

@Article{Seok2017,
  author    = {Youngung Seok and Hyou-Arm Joung and Ju-Young Byun and Hyo-Sung Jeon and Su Jeong Shin and Sanghyo Kim and Young-Beom Shin and Hyung Soo Han and Min-Gon Kim},
  journal   = {Theranostics},
  title     = {A Paper-Based Device for Performing Loop-Mediated Isothermal Amplification with Real-Time Simultaneous Detection of Multiple {DNA} Targets},
  year      = {2017},
  number    = {8},
  pages     = {2220--2230},
  volume    = {7},
  doi       = {10.7150/thno.18675},
  groups    = {10.09-lamp-on-paper},
  publisher = {Ivyspring International Publisher},
  timestamp = {2021-07-01},
}

@Article{Kaarj2018,
  author    = {Kattika Kaarj and Patarajarin Akarapipad and Jeong-Yeol Yoon},
  journal   = {Scientific Reports},
  title     = {Simpler, Faster, and Sensitive Zika Virus Assay Using Smartphone Detection of Loop-mediated Isothermal Amplification on Paper Microfluidic Chips},
  year      = {2018},
  month     = {aug},
  number    = {1},
  volume    = {8},
  doi       = {10.1038/s41598-018-30797-9},
  groups    = {10.09-lamp-on-paper},
  publisher = {Springer Science and Business Media {LLC}},
  timestamp = {2021-07-01},
}

@Article{Varsha2020,
  author    = {Venkatesh Varsha and Sitaraman Aishwarya and Sarma Murchana and Gattuboyena Naveen and Mohandass Ramya and Pasupathi Rathinasabapathi},
  journal   = {Journal of Microbiological Methods},
  title     = {Correction pen based paper fluidic device for the detection of multiple gene targets of Leptospira using Loop Mediated Isothermal Amplification},
  year      = {2020},
  month     = {jul},
  pages     = {105962},
  volume    = {174},
  doi       = {10.1016/j.mimet.2020.105962},
  groups    = {10.09-lamp-on-paper},
  publisher = {Elsevier {BV}},
  timestamp = {2021-07-01},
}

@Article{Ye2018,
  author    = {Xin Ye and Jin Xu and Lijuan Lu and Xinxin Li and Xueen Fang and Jilie Kong},
  journal   = {Analytica Chimica Acta},
  title     = {Equipment-free nucleic acid extraction and amplification on a simple paper disc for point-of-care diagnosis of rotavirus A},
  year      = {2018},
  month     = {aug},
  pages     = {78--85},
  volume    = {1018},
  doi       = {10.1016/j.aca.2018.02.068},
  groups    = {10.09-lamp-on-paper},
  publisher = {Elsevier {BV}},
  timestamp = {2021-07-01},
}

@Article{Smith2004,
  author    = {LM Smith and LA Burgoyne},
  journal   = {{BMC} Ecology},
  title     = {Collecting, archiving and processing DNA from wildlife samples using FTA® databasing paper},
  year      = {2004},
  number    = {1},
  pages     = {4},
  volume    = {4},
  doi       = {10.1186/1472-6785-4-4},
  groups    = {10.09-lamp-on-paper},
  publisher = {Springer Science and Business Media {LLC}},
  timestamp = {2021-07-01},
}

@Article{Li2004,
  author    = {Chung-Chen Li and Ingrid A. Beck and Kristy D. Seidel and Lisa M. Frenkel},
  journal   = {Journal of Clinical Microbiology},
  title     = {Persistence of Human Immunodeficiency Virus Type 1 Subtype B {DNA} in Dried-Blood Samples on {FTA} Filter Paper},
  year      = {2004},
  month     = {aug},
  number    = {8},
  pages     = {3847--3849},
  volume    = {42},
  doi       = {10.1128/jcm.42.8.3847-3849.2004},
  groups    = {10.09-lamp-on-paper},
  publisher = {American Society for Microbiology},
  timestamp = {2021-07-01},
}

@Article{Lu2016,
  author    = {Wenjing Lu and Jidong Wang and Qiong Wu and Jiashu Sun and Yiping Chen and Lu Zhang and Chunsheng Zheng and Wenna Gao and Yi Liu and Xingyu Jiang},
  journal   = {Biosensors and Bioelectronics},
  title     = {High-throughput sample-to-answer detection of {DNA}/{RNA} in crude samples within functionalized micro-pipette tips},
  year      = {2016},
  month     = {jan},
  pages     = {28--33},
  volume    = {75},
  doi       = {10.1016/j.bios.2015.08.016},
  groups    = {10.09-lamp-on-paper, step-0-staging, 1-in-authors},
  publisher = {Elsevier {BV}},
  timestamp = {2021-07-01},
}

@Article{Connelly2015,
  author    = {John T. Connelly and Jason P. Rolland and George M. Whitesides},
  journal   = {Analytical Chemistry},
  title     = {{\textquotedblleft}Paper Machine{\textquotedblright} for Molecular Diagnostics},
  year      = {2015},
  month     = {jul},
  number    = {15},
  pages     = {7595--7601},
  volume    = {87},
  doi       = {10.1021/acs.analchem.5b00411},
  groups    = {10.09-lamp-on-paper},
  publisher = {American Chemical Society ({ACS})},
  timestamp = {2021-07-01},
}

@Article{Choi2016,
  author    = {Jane Ru Choi and Jie Hu and Ruihua Tang and Yan Gong and Shangsheng Feng and Hui Ren and Ting Wen and XiuJun Li and Wan Abu Bakar Wan Abas and Belinda Pingguan-Murphy and Feng Xu},
  journal   = {Lab on a Chip},
  title     = {An integrated paper-based sample-to-answer biosensor for nucleic acid testing at the point of care},
  year      = {2016},
  number    = {3},
  pages     = {611--621},
  volume    = {16},
  doi       = {10.1039/c5lc01388g},
  groups    = {10.09-lamp-on-paper},
  publisher = {Royal Society of Chemistry ({RSC})},
  timestamp = {2021-07-01},
}
